@MISC{who:campaign_essentials,
	title = {{Campaign Essentials: World Immunization Week 2013}},
	year = {2013},
	organization = {{World Health Organization (WHO)}},
	note = {Retrieved 2 June 2014},
	howpublished = "\url{http://www.who.int/campaigns/immunization-week/2013/campaign_essentials/en/}",
}

@MISC{worldbank:mobileaccess,
	title = "{{Mobile Phone Access Reaches Three Quartersof Planet's Population}}",
	year = {2012},
	month = {July},
	day = {17},
	organization = {{The World Bank}},
	note = {Retrieved 4 June 2014},
	howpublished = "\url{http://www.worldbank.org/en/news/press-release/2012/07/17/mobile-phone-access-reaches-three-quarters-planets-population}",
}

@ARTICLE{foneastra,
	AUTHOR = "Chaudhri, R. and Borriello, G. and Anderson, R.",
	TITLE = "{{Monitoring Vaccine Cold Chains in Developing Countries}}",
	JOURNAL = "{{Pervasive Computing, IEEE}}",
	YEAR = "2012",
	MONTH = "March",
	VOLUME = "11",
	NUMBER = "3",
	PAGES = "26-33",
}

@MISC{fridgetag,
	title = "{{Introduction of Fridge-tag: Improving temperature monitoring in refrigerators}}",
	organization = {{World Health Organization (WHO)}},
	note = {Retrieved 4 June 2014},
	howpublished = "\url{http://www.who.int/immunization_standards/vaccine_quality/introduction_guidelines_fridgetag.pdf}",
}

@MISC{dhis2:smsref, 
	title = "{{24.5. SMS Command}}",
	note = {Retrieved 4 June 2014},
	howpublished = "\url{http://www.dhis2.org/doc/snapshot/en/user/html/ch24s05.html}",
}

@MISC{dhis2:smsoverview,
	title = "{{DHIS Mobile}}",
	note = {Retrieved 4 June 2014},
	howpublished = "\url{http://www.dhis2.org/mobile}",
}

@MISC{dhis2:j2me,
	title = "{{24.4. Legacy J2ME client with SMS transport}}",
	note = {Retrieved 4 June 2014},
	howpublished = "\url{http://www.dhis2.org/doc/snapshot/en/user/html/ch24s04.html}",
}

@MISC{rapidsms:xforms,
	title = "{{Introduction -- rapidsms-xforms 0.4.0 documentation}}",
	note = {Retrieved 4 June 2014},
	howpublished = "\url{https://rapidsms-xforms.readthedocs.org/en/latest/}",
}

@MISC{rapidsms:overview,
	title = "{{RapidSMS Documentation}}",
	note = {Retrieved 4 June 2014},
	howpublished = "\url{http://rapidsms.readthedocs.org/en/develop/}",
}

@MISC{unicefstories,
	title = "{{Real Time Digital Monitoring of Cold Chain and Vaccines in Laos}}",
	note = {Retrieved 4 June 2014},
	howpublished = "\url{http://unicefstories.org/2014/03/13/real-time-digital-monitoring-of-cold-chain-and-vaccines-in-laos/}"
}

@MISC{django:signals,
	title = "{{Signals | Django documentation | Django}}",
	note = {Retrieved 11 June 2014},
	howpublished = "\url{https://docs.djangoproject.com/en/1.7/topics/signals}",
}


@MISC{rapidsms:routers,
	title = "{{RapidSMS Routers - RapidSMS 0.18.0dev documentation}}",
	note = {Retrieved 11 June 2014},
	howpublished = "\url{http://rapidsms.readthedocs.org/en/develop/topics/router/index.html#router-incoming}",
}
