@MISC{who:campaign_essentials,
	title = {{Campaign Essentials: World Immunization Week 2013}},
	year = {2013},
	organization = {{World Health Organization (WHO)}},
	note = {Retrieved 2 June 2014},
	howpublished = "\url{http://www.who.int/campaigns/immunization-week/2013/campaign_essentials/en/}",
}